<record><leader>00000cas a22000007a 4500</leader><controlfield tag="001">15217779</controlfield><controlfield tag="008">870220d18811uuuiaudr ne      0    0eng d</controlfield><datafield ind1=" " ind2=" " tag="010"><subfield code="a">sn 87057259 </subfield></datafield><datafield ind1=" " ind2=" " tag="040"><subfield code="a">INP</subfield><subfield code="b">eng</subfield><subfield code="c">INP</subfield><subfield code="d">OCLCQ</subfield></datafield><datafield ind1=" " ind2=" " tag="042"><subfield code="a">msc</subfield></datafield><datafield ind1="0" ind2=" " tag="130"><subfield code="a">Daily Republican (Mason City, Iowa)</subfield></datafield><datafield ind1="1" ind2="4" tag="245"><subfield code="a">The daily Republican.</subfield></datafield><datafield ind1=" " ind2=" " tag="260"><subfield code="a">Mason City, Iowa :</subfield><subfield code="b">W.V. Lucas</subfield></datafield><datafield ind1=" " ind2=" " tag="300"><subfield code="a">v. :</subfield><subfield code="b">ill. ;</subfield><subfield code="c">51 cm.</subfield></datafield><datafield ind1=" " ind2=" " tag="310"><subfield code="a">Daily</subfield></datafield><datafield ind1="1" ind2=" " tag="362"><subfield code="a">Began in 1881.</subfield></datafield><datafield ind1=" " ind2=" " tag="588"><subfield code="a">Description based on: Vol. 1, no. 6 (Aug. 27, 1881).</subfield></datafield><datafield ind1=" " ind2=" " tag="752"><subfield code="a">United States</subfield><subfield code="b">Iowa</subfield><subfield code="c">Cerro Gordo</subfield><subfield code="d">Mason City.</subfield></datafield><datafield ind1="0" ind2=" " tag="775"><subfield code="t">Cerro Gordo Republican</subfield><subfield code="w">(DLC)sn 84027196</subfield></datafield></record>